%--------------------------------
% Introducción
%--------------------------------

@misc{datos::uni,
 author = "Ministerio de Educaci\'on, Cultura y Deporte. Gobierno de España.",
 title = "Datos y Cifras del Sistema Universitario espa\~{n}ol",
 year = "2004--2015",
}
