@Book{AIbyExample,
  author =	 {Mat Buckland},
  title = 	 {Programming Game {AI} by Example},
  publisher = 	 {Wordware Publishing, Inc.},
  year = 	 2005
}

@misc{CruiseControl,
  author    = {ThoughtWorks, Inc.},
  title     = {Cruise Control},
  year      = {2001},
  webpage   = {http://cruisecontrol.sourceforge.net/index.html},
  lastaccess = {Octubre, 2009}
}

@Book{CVS,
  author =	 {Jennifer Vesperman},
  title = 	 {Essential CVS},
  publisher = 	 {O'Reilly},
  year = 	 2003,
  isbn = {0-596-00459-1}
}

@Book{Subversion,
  author =	 {Ben Collins-Sussman and Brian W. Fitzpatrick and C. Michael Pilato},
  title = 	 {Version Control with Subversion},
  publisher = 	 {O'Reilly},
  year = 	 2004,
  isbn = {0-596-00448-6},
  webpage = {http://svnbook.red-bean.com/},
  lastaccess = {Octubre, 2009}
}

@Wikipedia{LaTeXWikipedia,
   author     = {Wikipedia},
   title      = {{LaTeX}},
   wpentry    = {LaTeX},
   language   = {es},
   webpage    = {http://es.wikipedia.org/wiki/LaTeX},
   lastaccess = {Octubre, 2009},
}


@Misc{Fowler06,
  author =	 {Martin Fowler},
  title =	 {Continuous Integration},
  year = 2006,
  webpage   = {http://martinfowler.com/articles/continuousIntegration.html},
  lastaccess = {Octubre, 2009}
}

@Book{emacsStallman,
  author =	 {Richard M. Stallman},
  title =	 {{GNU} Emacs Manual for Version 22, 16th Edition},
  publisher = 	 {Free Software Foundation},
  year = 	 {2007},
  webpage = {http://www.gnu.org/software/emacs/manual/emacs.pdf},
  lastaccess = {Octubre, 2009},
}

@Book{libroMake,
  author = {Robert Mecklenburg},
  title  = {Managing Projects with GNU Make, 3rd edition},
  publisher = {O'Reilly Media, Inc},
  year = {2004},
  isbn = {0596006101}
}

%----- Paloma

%----- State of the Art

@incollection{imbalanced_data_05,
year={2005},
isbn={978-0-387-24435-8},
booktitle={Data Mining and Knowledge Discovery Handbook},
editor={Maimon, Oded and Rokach, Lior},
doi={10.1007/0-387-25465-X_40},
title={Data Mining for Imbalanced Datasets: An Overview},
url={http://dx.doi.org/10.1007/0-387-25465-X_40},
publisher={Springer US},
keywords={imbalanced datasets; classification; sampling; ROC; cost-sensitive measures; precision and recall},
author={Chawla, NiteshV.},
pages={853-867}
}

%--

@article{imbalance_techniques_02,
 author = {Japkowicz, Nathalie and Stephen, Shaju},
 title = {The Class Imbalance Problem: A Systematic Study},
 journal = {Intell. Data Anal.},
 issue_date = {October 2002},
 volume = {6},
 number = {5},
 month = oct,
 year = {2002},
 issn = {1088-467X},
 pages = {429--449},
 numpages = {21},
 url = {http://dl.acm.org/citation.cfm?id=1293951.1293954},
 acmid = {1293954},
 publisher = {IOS Press},
 address = {Amsterdam, The Netherlands, The Netherlands},
 keywords = {C5.0, Multi-Layer Perceptrons, Support Vector Machines, class imbalances, concept learning, misclassification costs, re-sampling},
}

%--

@inproceedings{random_undersampling_08, 
author={Xinjian Guo and Yilong Yin and Cailing Dong and Goping Yang and Guangtong Zhou}, 
booktitle={Natural Computation, 2008. ICNC '08. Fourth International Conference on}, 
title={On the Class Imbalance Problem}, 
year={2008}, 
month={Oct}, 
volume={4}, 
pages={192-201}, 
keywords={learning (artificial intelligence);class imbalance problem;evaluation metrics;machine learning;Biomedical monitoring;Computer science;Condition monitoring;Data mining;Diseases;Fault detection;Intrusion detection;Machine learning;Machine learning algorithms;Radar detection}, 
doi={10.1109/ICNC.2008.871}
}

%--

@article{smote_02,
 author = {Chawla, Nitesh V. and Bowyer, Kevin W. and Hall, Lawrence O. and Kegelmeyer, W. Philip},
 title = {SMOTE: Synthetic Minority Over-sampling Technique},
 journal = {J. Artif. Int. Res.},
 issue_date = {January 2002},
 volume = {16},
 number = {1},
 month = jun,
 year = {2002},
 issn = {1076-9757},
 pages = {321--357},
 numpages = {37},
 url = {http://dl.acm.org/citation.cfm?id=1622407.1622416},
 acmid = {1622416},
 publisher = {AI Access Foundation},
 address = {USA},
}

%--

@incollection{cost_adjustment_07,
year={2007},
isbn={978-3-540-71804-8},
booktitle={Applications of Evolutionary Computing},
volume={4448},
series={Lecture Notes in Computer Science},
editor={Giacobini, Mario},
doi={10.1007/978-3-540-71805-5_19},
title={A Genetic Programming Approach for Bankruptcy Prediction Using a Highly Unbalanced Database},
url={http://dx.doi.org/10.1007/978-3-540-71805-5_19},
publisher={Springer Berlin Heidelberg},
author={Alfaro-Cid, Eva and Sharman, Ken and Esparcia-Alcazar, AnnaI.},
pages={169-178}
}

%--

@inproceedings{Blanco2011,
 author = {Lorenzo Blanco, Nilesh Dalvi, Ashwin Machanavajjhala.},
 title = {Highly efficient algorithms for structural clustering of large websites},
 booktitle = {WWW '11 Proceedings of the 20th international conference on World wide web.},
 year = {2011},
 isbn = {978-1-4503-0632-4},
 pages = {437-446},
 url = {http://dl.acm.org/citation.cfm?id=1963405.1963468},
 doi = {10.1145/1963405.1963468},
 publisher = {ACM},
}

%--

@inproceedings{Khonji2011,
 author = {Mahmoud Khonji, Andrew Jones, Youssef Iraqi},
 title = {A NOVEL PHISHING CLASSIFICATION BASED ON URL FEATURES},
 booktitle = {GCC Conference and Exhibition (GCC)},
 year = {2011},
 isbn = {978-1-61284-118-2 },
 location = {Dubai},
 pages = {221-224},
 numpages = {8},
 url = {http://dx.doi.org/10.1109/IEEEGCC.2011.5752505},
 doi = {10.1109/IEEEGCC.2011.5752505},
 acmid = {11962362},
 publisher = {IEE},
 keywords = {Phishing, classification, URL},
}

%--

@TECHREPORT{computer_security_80,
	AUTHOR       = "Anderson, A. J. P.",
	TITLE        = "Computer Security Threat Monitoring and 
Surveillance",
	INSTITUTION  = "James P. Anderson Co.",
	YEAR         = "1980",
	ADDRESS      = "Fort Washington, PA"
}

%--

@inproceedings{Clifton1996,
   author = {Chris Clifton and Don Marks},
   booktitle = {ACM SIGMOD Workshop on Research Issues on Data Mining and Knowledge Discovery},
   pages = {15-19},
   title = {Security and Privacy Implications of Data Mining.},
   year = {1996}
}

%--

@article{DeVel2001,
   author = {O. de Vel and A. Anderson and M. Corney and G. Mohay},
   journal = {SIGMOD Record},
   number = {4},
   pages = {55-64},
   title = {Mining E-mail Content for Author Identification Forensics},
   volume = {30},
   year = {2001}
}

%--

@inproceedings{Hsinchun2003,
   author = {Hsinchun Chen and Wingyan Chung and Yi Qin and Michael Chau and Jennifer Jie Xu and Gang Wang and Rong Zheng and Homa Atabakhsh},
   booktitle = {Proceedings of the 3rd National Conference for Digital Government Research (dg.o 2003)},
   volume = {130},
   pages = {1-5},
   publisher = {Digital Government Society of North America},
   title = {Crime Data Mining: An Overview and Case Studies},
   year = {2003}
}

%--

@inproceedings{cognitive_security_08,
 author = {Greenstadt, Rachel and Beal, Jacob},
 title = {Cognitive Security for Personal Devices},
 booktitle = {Proceedings of the 1st ACM Workshop on Workshop on AISec},
 series = {AISec '08},
 year = {2008},
 isbn = {978-1-60558-291-7},
 location = {Alexandria, Virginia, USA},
 pages = {27-30},
 numpages = {4},
 url = {http://doi.acm.org/10.1145/1456377.1456383},
 doi = {10.1145/1456377.1456383},
 acmid = {1456383},
 publisher = {ACM},
 address = {New York, NY, USA},
 keywords = {artificial intelligence, authentication, biometrics, security automation},
}

%--

@inproceedings{user-controllable_learning_08,
 author = {Kelley, Patrick Gage and Hankes Drielsma, Paul and Sadeh, Norman and Cranor, Lorrie Faith},
 title = {User-controllable Learning of Security and Privacy Policies},
 booktitle = {Proceedings of the 1st ACM Workshop on Workshop on AISec},
 series = {AISec '08},
 year = {2008},
 isbn = {978-1-60558-291-7},
 location = {Alexandria, Virginia, USA},
 pages = {11-18},
 numpages = {8},
 url = {http://doi.acm.org/10.1145/1456377.1456380},
 doi = {10.1145/1456377.1456380},
 acmid = {1456380},
 publisher = {ACM},
 address = {New York, NY, USA},
 keywords = {security and privacy policies, usable security, user-controllable learning},
}

%--

@inproceedings{inferring_policies_socialnetworks_09,
 author = {Danezis, George},
 title = {Inferring Privacy Policies for Social Networking Services},
 booktitle = {Proceedings of the 2Nd ACM Workshop on Security and Artificial Intelligence},
 series = {AISec '09},
 year = {2009},
 isbn = {978-1-60558-781-3},
 location = {Chicago, Illinois, USA},
 pages = {5-10},
 numpages = {6},
 url = {http://doi.acm.org/10.1145/1654988.1654991},
 doi = {10.1145/1654988.1654991},
 acmid = {1654991},
 publisher = {ACM},
 address = {New York, NY, USA},
 keywords = {cohesive groups, privacy, social networks},
}

%--

@inproceedings{sec_policy_evolution_gp_08,
 author = {Lim, Yow Tzu and Cheng, Pau Chen and Rohatgi, Pankaj and Clark, John Andrew},
 title = {MLS Security Policy Evolution with Genetic Programming},
 booktitle = {Proceedings of the 10th Annual Conference on Genetic and Evolutionary Computation},
 series = {GECCO '08},
 year = {2008},
 isbn = {978-1-60558-130-9},
 location = {Atlanta, GA, USA},
 pages = {1571--1578},
 numpages = {8},
 url = {http://doi.acm.org/10.1145/1389095.1389395},
 doi = {10.1145/1389095.1389395},
 acmid = {1389395},
 publisher = {ACM},
 address = {New York, NY, USA},
 keywords = {MLS, genetic programming, policy inference, security policy},
}

%--

@INPROCEEDINGS{pol_evol_gp_3_approaches_08, 
author={Yow Tzu Lim and Pau Chen Cheng and Clark, J.A. and Rohatgi, P.}, 
booktitle={Evolutionary Computation, 2008. CEC 2008. (IEEE World Congress on Computational Intelligence). IEEE Congress on}, 
title={Policy evolution with Genetic Programming: A comparison of three approaches}, 
year={2008}, 
month={June}, 
pages={1792-1800}, 
keywords={fuzzy reasoning;fuzzy set theory;genetic algorithms;symbol manipulation;IF-THEN rules inference;de-fuzzification methods;fuzzification methods;fuzzy membership functions inference;genetic programming;policy evolution;security policies;symbolic regression;Computer science;Computer security;Costs;Decision making;Genetic programming;Humans;Military computing;Privacy;Risk management;US Government}, 
doi={10.1109/CEC.2008.4631032},
}

%--

@incollection{rule_generation_gp_09,
year={2009},
isbn={978-3-642-04090-0},
booktitle={Computational Intelligence in Security for Information Systems},
volume={63},
series={Advances in Intelligent and Soft Computing},
editor={Herrero, Álvaro and Gastaldo, Paolo and Zunino, Rodolfo and Corchado, Emilio},
doi={10.1007/978-3-642-04091-7_16},
title={Automatic Rule Generation Based on Genetic Programming for Event Correlation},
url={http://dx.doi.org/10.1007/978-3-642-04091-7_16},
publisher={Springer Berlin Heidelberg},
keywords={Event Correlation; Rule Generation; Genetic Programming; Network Security Management},
author={Suarez-Tangil, G. and Palomar, E. and Fuentes, J.M. and Blasco, J. and Ribagorda, A.},
pages={127-134}
}

%--

@INPROCEEDINGS{MUSES_SAC_14,
	AUTHOR       = "Mora, A.M. and De las Cuevas, P. and Merelo, J.J and Zamarripa, S. and Juan, M. and Esparcia-Alcazar, A.I. and Burvall, M. and Arfwedson, H. and Hodaie, Z.",
	TITLE        = "{MUSES: A corporate user-centric system which applies computational intelligence methods}",
	BOOKTITLE    = "29th Symposium On Applied Computing",
	YEAR         = "2014",
	EDITOR       = "Dongwan Shin et al.",
	PAGES        = "1719-1723"
}

%--

@INPROCEEDINGS{muses_sotics_13,
	AUTHOR       = "Jean-Marc Seigneur, Petra K{\"o}lndorfer, Marc Busch, Christina Hochleitner.",
	TITLE        = "{A Survey of Trust and Risk Metrics for a BYOD Mobile Working World}",
	BOOKTITLE    = "Third International Conference on Social Eco-Informatics",
	YEAR         = "2013"
}

%---------------------------------- Fin
