@article{schulz2000artificial,
  title={Artificial skin},
  author={Schulz Iii, JT and Tompkins, RG and Burke, JF},
  journal={Annual review of medicine},
  volume={51},
  number={1},
  pages={231--244},
  year={2000},
  publisher={Annual Reviews 4139 El Camino Way, PO Box 10139, Palo Alto, CA 94303-0139, USA}
}

@article{yannas1980design,
  title={Design of an artificial skin. I. Basic design principles},
  author={Yannas, IV and Burke, John F},
  journal={Journal of biomedical materials research},
  volume={14},
  number={1},
  pages={65--81},
  year={1980},
  publisher={Wiley Online Library}
}

@article{yannas1981successful,
  title={Successful use of a physiologically acceptable artificial skin in the treatment of extensive burn injury.},
  author={Yannas, JF Burke IV and Quinby Jr, WC and Bondoc, CC and Jung, WK},
  journal={Annals of surgery},
  volume={194},
  number={4},
  pages={413},
  year={1981},
  publisher={Lippincott, Williams, and Wilkins}
}

@inproceedings{cannata2008embedded,
  title={An embedded artificial skin for humanoid robots},
  author={Cannata, Giorgio and Maggiali, Marco and Metta, Giorgio and Sandini, Giulio},
  booktitle={Multisensor Fusion and Integration for Intelligent Systems, 2008. MFI 2008. IEEE International Conference on},
  pages={434--438},
  year={2008},
  organization={IEEE}
}

@misc{lesiones_piel,
  author    = {Manuel Ferreiro Gómez, Jesús del Pozo Losada, Ana Balado López, Santiago Cano Martínez},
  title     = {Lesiones cutáneas elementales},
  webpage   = {http://www.fisterra.com/guias-clinicas/lesiones-cutaneas-elementales/#3207},
  year = {2011},
  lastaccess = {September, 2014}
}

@misc{artificial_skin,
  author    = {Mary F. McNulty},
  title     = {How is artificial skin made?},
  webpage   = {http://www.answers.com/topic/artificial-skin-2},
  year = {2011},
  lastaccess = {September, 2014}
}
